%YAML 1.1
%TAG !u! tag:unity3d.com,2011:
--- !u!1 &2030324789124066552
GameObject:
  m_ObjectHideFlags: 0
  m_CorrespondingSourceObject: {fileID: 0}
  m_PrefabInstance: {fileID: 0}
  m_PrefabAsset: {fileID: 0}
  serializedVersion: 6
  m_Component:
  - component: {fileID: 2030324789124066557}
  - component: {fileID: 2030324789124066556}
  - component: {fileID: 5020678945011729898}
  m_Layer: 13
  m_Name: grind Foot
  m_TagString: block
  m_Icon: {fileID: 0}
  m_NavMeshLayer: 0
  m_StaticEditorFlags: 0
  m_IsActive: 1
--- !u!4 &2030324789124066557
Transform:
  m_ObjectHideFlags: 0
  m_CorrespondingSourceObject: {fileID: 0}
  m_PrefabInstance: {fileID: 0}
  m_PrefabAsset: {fileID: 0}
  m_GameObject: {fileID: 2030324789124066552}
  m_LocalRotation: {x: 0, y: 0, z: 0, w: 1}
  m_LocalPosition: {x: 0.017, y: 0.487, z: -2.117}
  m_LocalScale: {x: 0.4, y: 0.4, z: 0.4}
  m_Children:
  - {fileID: 8634888407368089779}
  m_Father: {fileID: 0}
  m_RootOrder: 0
  m_LocalEulerAnglesHint: {x: 0, y: 0, z: 0}
--- !u!114 &2030324789124066556
MonoBehaviour:
  m_ObjectHideFlags: 0
  m_CorrespondingSourceObject: {fileID: 0}
  m_PrefabInstance: {fileID: 0}
  m_PrefabAsset: {fileID: 0}
  m_GameObject: {fileID: 2030324789124066552}
  m_Enabled: 1
  m_EditorHideFlags: 0
  m_Script: {fileID: 11500000, guid: 2c2e8ac37ea812c4fb0cc65e05f866a0, type: 3}
  m_Name: 
  m_EditorClassIdentifier: 
  hitEffect: {fileID: 0}
  explodeEffect: {fileID: 0}
  limbid: 0
  spawnTime: 0
  placePos: {x: 0, y: 0, z: 0}
  placeRot: {x: 0, y: 0, z: 0, w: 0}
  moveDir: {x: 0, y: 0, z: 0}
  requiredDirection: {x: 0, y: 0, z: 0}
  minForce: 1
  prefabID: 0
  dieOnHit: 1
  dullOnHit: 0
  hurtOnHit: 0
  requireDirectionMatch: 0
  requireForce: 0
  minForcedefault: 2
  requiredDirectionAccuracy: 40
  requireSubColliderContact: 0
  subCollider: {fileID: 0}
  points: 2
  pointMultiplier: 1
  hp: 1
  speed: 10
  hasDefaultMoveDir: 0
  moveDirDefault: {x: 0, y: 0, z: 0}
  hasDefaultPlaceRot: 0
  placeRotDefault: {x: 0, y: 0, z: 0}
  hasDefaultYPos: 0
  defaultYPos: 0
  forwardizeOnSpawn: 1
  forwardizeAmount: 10
  randomizeRotation: 1
  rend:
  - {fileID: 8634888407370515027}
  trail: {fileID: 0}
  advancedShader: {fileID: 2100000, guid: 57e98946f90ad594283c5296a2705701, type: 2}
  advancedShader2: {fileID: 0}
  simpleShader: {fileID: 2100000, guid: de1ab7d5d4dd71746a9fcd12c82fb220, type: 2}
  colorBlindShader: {fileID: 2100000, guid: c04de554847ede84aae92726fd6cc53e, type: 2}
  disableShader: 0
  explodeMultiplier: 1
  isLive: 0
  moveMultiplier: 1
  songMgr: {fileID: 0}
  music: {fileID: 0}
  rigid: {fileID: 0}
  collid:
  - {fileID: 5020678945011729898}
  anim: {fileID: 0}
  hasAnim: 0
  isEditMode: 0
  isDebugBlock: 0
  isSleeping: 1
  sleepUntil: 60
--- !u!65 &5020678945011729898
BoxCollider:
  m_ObjectHideFlags: 0
  m_CorrespondingSourceObject: {fileID: 0}
  m_PrefabInstance: {fileID: 0}
  m_PrefabAsset: {fileID: 0}
  m_GameObject: {fileID: 2030324789124066552}
  m_Material: {fileID: 0}
  m_IsTrigger: 1
  m_Enabled: 0
  serializedVersion: 2
  m_Size: {x: 0.8, y: 0.8, z: 0.8}
  m_Center: {x: 0, y: 0, z: 0}
--- !u!1001 &8634888407368489523
PrefabInstance:
  m_ObjectHideFlags: 0
  serializedVersion: 2
  m_Modification:
    m_TransformParent: {fileID: 2030324789124066557}
    m_Modifications:
    - target: {fileID: 100000, guid: 29e7b2a25a388d34dbfb5be023d2dafa, type: 3}
      propertyPath: m_Name
      value: grind
      objectReference: {fileID: 0}
    - target: {fileID: 100000, guid: 29e7b2a25a388d34dbfb5be023d2dafa, type: 3}
      propertyPath: m_Layer
      value: 13
      objectReference: {fileID: 0}
    - target: {fileID: 400000, guid: 29e7b2a25a388d34dbfb5be023d2dafa, type: 3}
      propertyPath: m_LocalPosition.x
      value: -0
      objectReference: {fileID: 0}
    - target: {fileID: 400000, guid: 29e7b2a25a388d34dbfb5be023d2dafa, type: 3}
      propertyPath: m_LocalPosition.y
      value: 0.057
      objectReference: {fileID: 0}
    - target: {fileID: 400000, guid: 29e7b2a25a388d34dbfb5be023d2dafa, type: 3}
      propertyPath: m_LocalPosition.z
      value: 0
      objectReference: {fileID: 0}
    - target: {fileID: 400000, guid: 29e7b2a25a388d34dbfb5be023d2dafa, type: 3}
      propertyPath: m_LocalRotation.x
      value: -0.70627683
      objectReference: {fileID: 0}
    - target: {fileID: 400000, guid: 29e7b2a25a388d34dbfb5be023d2dafa, type: 3}
      propertyPath: m_LocalRotation.y
      value: 0.034250084
      objectReference: {fileID: 0}
    - target: {fileID: 400000, guid: 29e7b2a25a388d34dbfb5be023d2dafa, type: 3}
      propertyPath: m_LocalRotation.z
      value: 0.034250084
      objectReference: {fileID: 0}
    - target: {fileID: 400000, guid: 29e7b2a25a388d34dbfb5be023d2dafa, type: 3}
      propertyPath: m_LocalRotation.w
      value: 0.7062768
      objectReference: {fileID: 0}
    - target: {fileID: 400000, guid: 29e7b2a25a388d34dbfb5be023d2dafa, type: 3}
      propertyPath: m_RootOrder
      value: 0
      objectReference: {fileID: 0}
    - target: {fileID: 400000, guid: 29e7b2a25a388d34dbfb5be023d2dafa, type: 3}
      propertyPath: m_LocalEulerAnglesHint.x
      value: 0
      objectReference: {fileID: 0}
    - target: {fileID: 400000, guid: 29e7b2a25a388d34dbfb5be023d2dafa, type: 3}
      propertyPath: m_LocalEulerAnglesHint.y
      value: 0
      objectReference: {fileID: 0}
    - target: {fileID: 400000, guid: 29e7b2a25a388d34dbfb5be023d2dafa, type: 3}
      propertyPath: m_LocalEulerAnglesHint.z
      value: 0
      objectReference: {fileID: 0}
    - target: {fileID: 400000, guid: 29e7b2a25a388d34dbfb5be023d2dafa, type: 3}
      propertyPath: m_LocalScale.x
      value: 30.831003
      objectReference: {fileID: 0}
    - target: {fileID: 400000, guid: 29e7b2a25a388d34dbfb5be023d2dafa, type: 3}
      propertyPath: m_LocalScale.y
      value: 30.831003
      objectReference: {fileID: 0}
    - target: {fileID: 400000, guid: 29e7b2a25a388d34dbfb5be023d2dafa, type: 3}
      propertyPath: m_LocalScale.z
      value: 30.831
      objectReference: {fileID: 0}
    - target: {fileID: 2300000, guid: 29e7b2a25a388d34dbfb5be023d2dafa, type: 3}
      propertyPath: m_Materials.Array.data[0]
      value: 
      objectReference: {fileID: 2100000, guid: 57e98946f90ad594283c5296a2705701, type: 2}
    - target: {fileID: 2300000, guid: 29e7b2a25a388d34dbfb5be023d2dafa, type: 3}
      propertyPath: m_CastShadows
      value: 0
      objectReference: {fileID: 0}
    m_RemovedComponents: []
  m_SourcePrefab: {fileID: 100100000, guid: 29e7b2a25a388d34dbfb5be023d2dafa, type: 3}
--- !u!4 &8634888407368089779 stripped
Transform:
  m_CorrespondingSourceObject: {fileID: 400000, guid: 29e7b2a25a388d34dbfb5be023d2dafa,
    type: 3}
  m_PrefabInstance: {fileID: 8634888407368489523}
  m_PrefabAsset: {fileID: 0}
--- !u!23 &8634888407370515027 stripped
MeshRenderer:
  m_CorrespondingSourceObject: {fileID: 2300000, guid: 29e7b2a25a388d34dbfb5be023d2dafa,
    type: 3}
  m_PrefabInstance: {fileID: 8634888407368489523}
  m_PrefabAsset: {fileID: 0}
